@ARTICLE{2019arXiv190508193N,
   author = {{Nauman}, F. and \textbf{{N{\"a}ttil{\"a}}}, \textbf{J.} },
    title = "{Exploring helical dynamos with machine learning}",
  journal = {\em{Submitted to A\&A}},
archivePrefix = "arXiv",
   eprint = {1905.08193},
 primaryClass = "astro-ph.SR",
 keywords = {Astrophysics - Solar and Stellar Astrophysics, Astrophysics - Astrophysics of Galaxies, Computer Science - Machine Learning},
     year = 2019,
    month = may,
   adsurl = {https://ui.adsabs.harvard.edu/abs/2019arXiv190508193N},
  adsnote = {Provided by the SAO/NASA Astrophysics Data System}
}


@ARTICLE{2019arXiv190309121A,
   author = {{Annala}, E. and {Gorda}, T. and {Kurkela}, A. and \textbf{{N{\"a}ttil{\"a}}}, \textbf{J.} and 
	{Vuorinen}, A.},
    title = "{Quark-matter cores in neutron stars}",
  journal = {\em{submitted}},
archivePrefix = "arXiv",
   eprint = {1903.09121},
 primaryClass = "astro-ph.HE",
 keywords = {Astrophysics - High Energy Astrophysical Phenomena, High Energy Physics - Phenomenology, Nuclear Theory},
     year = 2019,
    month = mar,
   adsurl = {https://ui.adsabs.harvard.edu/abs/2019arXiv190309121A},
  adsnote = {Provided by the SAO/NASA Astrophysics Data System}
}


@ARTICLE{2019SCPMA..6229506I,
   author = {{in't Zand}, J.~J.~M. and {Bozzo}, E. and {Qu}, J. and {Li}, X.-D. and
 {Amati}, L. and {Chen}, Y. and {Donnarumma}, I. and {Doroshenko}, V. and
    {Drake}, S.~A. and {et~al. (incl. \textbf{J}. \textbf{{N{\"a}ttil{\"a}}})}},
    title = "{Observatory science with eXTP}",
  journal = {Science China Physics, Mechanics, and Astronomy},
 keywords = {space research instruments, nuclear astrophysics, flare stars, accretion and accretion disks, mass loss and stellar winds, cataclysmic binaries, X-ray binaries, supernova remnants, active galactic nuclei, X-ray bursts, gamma-ray bursts, gravitational waves},
     year = 2019,
    month = feb,
   volume = 62,
      eid = {29506},
    pages = {29506},
      doi = {10.1007/s11433-017-9186-1},
   adsurl = {http://adsabs.harvard.edu/abs/2019SCPMA..6229506I},
  adsnote = {Provided by the SAO/NASA Astrophysics Data System}
}


@ARTICLE{2019SCPMA..6229503W,
   author = {{Watts}, A.~L. and {Yu}, W. and {Poutanen}, J. and {Zhang}, S. and 
	{Bhattacharyya}, S. and {Bogdanov}, S. and {Ji}, L. and {Patruno}, A. and 
	{Riley}, T.~E. and {et~al. (incl. \textbf{J}. \textbf{{N{\"a}ttil{\"a}}})}},
    title = "{Dense matter with eXTP}",
  journal = {Science China Physics, Mechanics, and Astronomy},
 keywords = {neutron, X-rays, dense matter, equation of state},
     year = 2019,
    month = feb,
   volume = 62,
      eid = {29503},
    pages = {29503},
      doi = {10.1007/s11433-017-9188-4},
   adsurl = {http://adsabs.harvard.edu/abs/2019SCPMA..6229503W},
  adsnote = {Provided by the SAO/NASA Astrophysics Data System}
}

@ARTICLE{2018ApJ...866...53L,
   author = {{Li}, Z. and {Suleimanov}, V.~F. and {Poutanen}, J. and {Salmi}, T. and
    {Falanga}, M. and {\textbf{N{\"a}ttil{\"a}}}, \textbf{J}. and {Xu}, R.},
    title = "{Evidence for the Photoionization Absorption Edge in a Photospheric Radius Expansion X-Ray Burst from GRS 1747$-$312 in Terzan 6}",
  journal = {\apj},
archivePrefix = "arXiv",
   eprint = {1809.00098},
 primaryClass = "astro-ph.HE",
 keywords = {binaries: general, stars: neutron, X-rays: binaries, X-rays: individual: GRS 1747-312, X-rays: stars },
     year = 2018,
    month = oct,
   volume = 866,
      eid = {53},
    pages = {53},
      doi = {10.3847/1538-4357/aade8e},
   adsurl = {http://adsabs.harvard.edu/abs/2018ApJ...866...53L},
  adsnote = {Provided by the SAO/NASA Astrophysics Data System}
}

@ARTICLE{2018A&A...618A.161S,
    author = {{Salmi}, T. and \textbf{{N{\"a}ttil{\"a}}}, \textbf{J}. and {Poutanen}, J.},
    title = "{Bayesian parameter constraints for neutron star masses and radii using X-ray timing observations of accretion-powered millisecond pulsars}",
  journal = {\aap},
archivePrefix = "arXiv",
   eprint = {1805.01149},
 primaryClass = "astro-ph.HE",
 keywords = {pulsars: individual: SAX J1808.4-3658, stars: neutron, X-rays: binaries, X-rays: stars},
     year = 2018,
    month = oct,
   volume = 618,
      eid = {A161},
    pages = {A161},
      doi = {10.1051/0004-6361/201833348},
   adsurl = {http://adsabs.harvard.edu/abs/2018A%26A...618A.161S},
  adsnote = {Provided by the SAO/NASA Astrophysics Data System}
}

@ARTICLE{2018ApJ...863....8P,
    author = {{Pihajoki}, P. and {Mannerkoski}, M. and \textbf{{N{\"a}ttil{\"a}}}, \textbf{J}. and
 {Johansson}, P.~H.},
    title = "{General purpose ray-tracing and polarized radiative transfer in General Relativity}",
  journal = {\apj},
archivePrefix = "arXiv",
   eprint = {1804.04670},
 primaryClass = "astro-ph.HE",
 keywords = {accretion, accretion disks, gravitation, gravitational lensing: strong, methods: numerical, polarization, radiative transfer },
     year = 2018,
    month = aug,
   volume = 863,
      eid = {8},
    pages = {8},
      doi = {10.3847/1538-4357/aacea0},
   adsurl = {http://adsabs.harvard.edu/abs/2018ApJ...863....8P},
  adsnote = {Provided by the SAO/NASA Astrophysics Data System}
}

@ARTICLE{2018A&A...615A..50N,
    author = {\textbf{{N{\"a}ttil{\"a}}}, \textbf{J}. and {Pihajoki}, P.},
    title = "{Radiation from rapidly rotating oblate neutron stars}",
  journal = {\aap},
archivePrefix = "arXiv",
   eprint = {1709.07292},
 primaryClass = "astro-ph.HE",
 keywords = {methods: numerical, radiative transfer, stars: neutron, gravitation},
     year = 2018,
    month = jul,
   volume = 615,
      eid = {A50},
    pages = {A50},
      doi = {10.1051/0004-6361/201630261},
   adsurl = {http://adsabs.harvard.edu/abs/2018A%26A...615A..50N},
  adsnote = {Provided by the SAO/NASA Astrophysics Data System}
}


@ARTICLE{2017A&A...608A..31N,
    author = {\textbf{{N{\"a}ttil{\"a}}}, \textbf{J}. and {Miller}, M.~C. and {Steiner}, A.~W. and
 {Kajava}, J.~J.~E. and {Suleimanov}, V.~F. and {Poutanen}, J.
 },
    title = "{Neutron star mass and radius measurements from atmospheric model fits to X-ray burst cooling tail spectra}",
  journal = {\aap},
archivePrefix = "arXiv",
   eprint = {1709.09120},
 primaryClass = "astro-ph.HE",
 keywords = {dense matter, stars: neutron, X-rays: binaries, X-rays: bursts},
     year = 2017,
    month = dec,
   volume = 608,
      eid = {A31},
    pages = {A31},
      doi = {10.1051/0004-6361/201731082},
   adsurl = {http://adsabs.harvard.edu/abs/2017A%26A...608A..31N},
  adsnote = {Provided by the SAO/NASA Astrophysics Data System}
}

@ARTICLE{2017MNRAS.472.3905S,
   author = {{Suleimanov}, V.~F. and {Kajava}, J.~J.~E. and {Molkov}, S.~V. and
    \textbf{{N{\"a}ttil{\"a}}}, \textbf{J}. and {Lutovinov}, A.~A. and {Werner}, K. and
 {Poutanen}, J.},
    title = "{Basic parameters of the helium-accreting X-ray bursting neutron star in 4U 1820-30}",
  journal = {\mnras},
archivePrefix = "arXiv",
   eprint = {1708.09168},
 primaryClass = "astro-ph.HE",
 keywords = {stars: neutron, X-rays: bursts, X-rays: individual: 4U 1820-30, X-rays: stars},
     year = 2017,
    month = dec,
   volume = 472,
    pages = {3905-3913},
      doi = {10.1093/mnras/stx2234},
   adsurl = {http://adsabs.harvard.edu/abs/2017MNRAS.472.3905S},
  adsnote = {Provided by the SAO/NASA Astrophysics Data System}
}


@ARTICLE{2017MNRAS.472...78K,
    author = {{Kajava}, J.~J.~E. and {Koljonen}, K.~I.~I. and \textbf{N{\"a}ttil{\"a}}, \textbf{J}. and
 {Suleimanov}, V. and {Poutanen}, J.},
    title = "{Variable spreading layer in 4U 1608-52 during thermonuclear X-ray bursts in the soft state}",
  journal = {\mnras},
archivePrefix = "arXiv",
   eprint = {1707.09479},
 primaryClass = "astro-ph.HE",
 keywords = {stars: neutron, X-rays: binaries, X-rays: bursts, stars: neutron - X-rays: binaries},
     year = 2017,
    month = nov,
   volume = 472,
    pages = {78-89},
      doi = {10.1093/mnras/stx1963},
   adsurl = {http://adsabs.harvard.edu/abs/2017MNRAS.472...78K},
  adsnote = {Provided by the SAO/NASA Astrophysics Data System}
}

@ARTICLE{2017A&A...604A..77K,
   author = {{Kuuttila}, J. and {Kajava}, J.~J.~E. and \textbf{{N{\"a}ttil{\"a}}}, \textbf{J}. and
 {Motta}, S.~E. and {S{\'a}nchez-Fern{\'a}ndez}, C. and {Kuulkers}, E. and
 {Cumming}, A. and {Poutanen}, J.},
    title = "{Flux decay during thermonuclear X-ray bursts analysed with the dynamic power-law index method}",
  journal = {\aap},
archivePrefix = "arXiv",
   eprint = {1705.05653},
 primaryClass = "astro-ph.HE",
 keywords = {stars: neutron, X-rays: binaries, X-rays: bursts, accretion, accretion disks},
     year = 2017,
    month = aug,
   volume = 604,
      eid = {A77},
    pages = {A77},
      doi = {10.1051/0004-6361/201730823},
   adsurl = {http://adsabs.harvard.edu/abs/2017A%26A...604A..77K},
  adsnote = {Provided by the SAO/NASA Astrophysics Data System}
}


@ARTICLE{2017MNRAS.466..906S,
    author = {{Suleimanov}, V.~F. and {Poutanen}, J. and \textbf{N{\"a}ttil{\"a}}, \textbf{J}. and
 {Kajava}, J.~J.~E. and {Revnivtsev}, M.~G. and {Werner}, K.},
    title = "{The direct cooling tail method for X-ray burst analysis to constrain neutron star masses and radii}",
  journal = {\mnras},
archivePrefix = "arXiv",
   eprint = {1611.09885},
 primaryClass = "astro-ph.HE",
 keywords = {stars: neutron, X-rays: bursts, X-rays: individual: (SAX J1810.8-2609), X-rays: stars},
     year = 2017,
    month = apr,
   volume = 466,
    pages = {906-913},
      doi = {10.1093/mnras/stw3132},
   adsurl = {http://adsabs.harvard.edu/abs/2017MNRAS.466..906S},
  adsnote = {Provided by the SAO/NASA Astrophysics Data System}
}


@ARTICLE{2017MNRAS.464L...6K,
   author = {{Kajava}, J.~J.~E. and \textbf{N{\"a}ttil{\"a}}, \textbf{J}. and {Poutanen}, J. and
 {Cumming}, A. and {Suleimanov}, V. and {Kuulkers}, E.},
    title = "{Detection of burning ashes from thermonuclear X-ray bursts}",
  journal = {\mnras},
archivePrefix = "arXiv",
   eprint = {1608.06801},
 primaryClass = "astro-ph.HE",
     year = 2017,
    month = jan,
   volume = 464,
    pages = {L6-L10},
      doi = {10.1093/mnrasl/slw167},
   adsurl = {http://adsabs.harvard.edu/abs/2017MNRAS.464L...6K},
  adsnote = {Provided by the SAO/NASA Astrophysics Data System}
}

@ARTICLE{2016A&A...591A..25N,
   author = {\textbf{N{\"a}ttil{\"a}}, \textbf{J}. and {Steiner}, A.~W. and {Kajava}, J.~J.~E. and
 {Suleimanov}, V.~F. and {Poutanen}, J.},
    title = "{Equation of state constraints for the cold dense matter inside neutron stars using the cooling tail method}",
  journal = {\aap},
archivePrefix = "arXiv",
   eprint = {1509.06561},
 primaryClass = "astro-ph.HE",
 keywords = {dense matter, stars: neutron, X-rays: binaries, X-rays: bursts},
     year = 2016,
    month = jun,
   volume = 591,
      eid = {A25},
    pages = {A25},
      doi = {10.1051/0004-6361/201527416},
   adsurl = {http://adsabs.harvard.edu/abs/2016A%26A...591A..25N},
  adsnote = {Provided by the SAO/NASA Astrophysics Data System}
}

@ARTICLE{2015A&A...581A..83N,
   author = {\textbf{N{\"a}ttil{\"a}}, \textbf{J}. and {Suleimanov}, V.~F. and {Kajava}, J.~J.~E. and
 {Poutanen}, J.},
    title = "{Models of neutron star atmospheres enriched with nuclear burning ashes}",
  journal = {\aap},
archivePrefix = "arXiv",
   eprint = {1507.01525},
 primaryClass = "astro-ph.HE",
 keywords = {radiative transfer, methods: numerical, stars: neutron, stars: atmospheres, X-rays: stars, X-rays: bursts},
     year = 2015,
    month = sep,
   volume = 581,
      eid = {A83},
    pages = {A83},
      doi = {10.1051/0004-6361/201526512},
   adsurl = {http://adsabs.harvard.edu/abs/2015A%26A...581A..83N},
  adsnote = {Provided by the SAO/NASA Astrophysics Data System}
}
@ARTICLE{2014MNRAS.445.4218K,
   author = {{Kajava}, J.~J.~E. and \textbf{N{\"a}ttil{\"a}}, \textbf{J}. and {Latvala}, O.-M. and
 {Pursiainen}, M. and {Poutanen}, J. and {Suleimanov}, V.~F. and
 {Revnivtsev}, M.~G. and {Kuulkers}, E. and {Galloway}, D.~K.
 },
    title = "{The influence of accretion geometry on the spectral evolution during thermonuclear (type I) X-ray bursts}",
  journal = {\mnras},
archivePrefix = "arXiv",
   eprint = {1406.0322},
 primaryClass = "astro-ph.HE",
 keywords = {accretion, accretion discs, stars: neutron, X-rays: binaries, X-rays: bursts},
     year = 2014,
    month = dec,
   volume = 445,
    pages = {4218-4234},
      doi = {10.1093/mnras/stu2073},
   adsurl = {http://adsabs.harvard.edu/abs/2014MNRAS.445.4218K},
  adsnote = {Provided by the SAO/NASA Astrophysics Data System}
}
@ARTICLE{2014MNRAS.442.3777P,
   author = {{Poutanen}, J. and \textbf{N{\"a}ttil{\"a}}, \textbf{J}. and {Kajava}, J.~J.~E. and
 {Latvala}, O.-M. and {Galloway}, D.~K. and {Kuulkers}, E. and
 {Suleimanov}, V.~F.},
    title = "{The effect of accretion on the measurement of neutron star mass and radius in the low-mass X-ray binary 4U 1608-52}",
  journal = {\mnras},
archivePrefix = "arXiv",
   eprint = {1405.2663},
 primaryClass = "astro-ph.HE",
 keywords = {stars: atmospheres, stars: neutron, X-rays: bursts, X-rays: individual: 4U 1608-52},
     year = 2014,
    month = aug,
   volume = 442,
    pages = {3777-3790},
      doi = {10.1093/mnras/stu1139},
   adsurl = {http://adsabs.harvard.edu/abs/2014MNRAS.442.3777P},
  adsnote = {Provided by the SAO/NASA Astrophysics Data System}
}
